<?xml version="1.0" encoding="UTF-8"?><collection xmlns="http://www.loc.gov/MARC21/slim"><record><leader>00585nam--2200193-i-4500</leader><controlfield tag="001">000017844</controlfield><controlfield tag="002">20161230</controlfield><controlfield tag="005">20161230201032</controlfield><controlfield tag="008">060222s1000------------r-----000-0-ger-d</controlfield><datafield ind1=" " ind2=" " tag="040"><subfield code="a">IFIN-HH</subfield></datafield><datafield ind1=" " ind2=" " tag="041"><subfield code="a">ger</subfield></datafield><datafield ind1=" " ind2=" " tag="080"><subfield code="a">538.975:539.216.2:535</subfield></datafield><datafield ind1="1" ind2=" " tag="100"><subfield code="a">Anders, Hugo</subfield></datafield><datafield ind1="1" ind2="0" tag="245"><subfield code="a">Dunne schichten fur optik. mit 94 abbildungen und 3 farbtafeln</subfield><subfield code="c">Hugo andres</subfield></datafield><datafield ind1=" " ind2=" " tag="260"><subfield code="a">Stuttgart</subfield><subfield code="b">Wissenschaftliche Verlagsgesellschaft Mbh</subfield><subfield code="c">1965</subfield></datafield><datafield ind1=" " ind2=" " tag="300"><subfield code="a">XII + 182 P</subfield></datafield><datafield ind1=" " ind2=" " tag="490"><subfield code="a">Optik Und Feinmechanik In Einzeldarstellungen</subfield></datafield><datafield ind1=" " ind2=" " tag="852"><subfield code="a">21813</subfield><subfield code="c">539.23</subfield></datafield><datafield ind1=" " ind2=" " tag="CAT"><subfield code="a">Sys</subfield><subfield code="c">20121214</subfield><subfield code="h">102409</subfield></datafield></record></collection>